% This file was created with JabRef 2.10b2.
% Encoding: UTF-8


@Article{C5G7,
  Title                    = {Benchmark on Deterministic Transport Calculations Without Spatial 
Homogenization},
  Author                   = {Nuclear Energy Agency},
  Journal                  = {Nuclear Science},
  Year                     = {2005},
  Number                   = {16},
  Volume                   = {NEA/NSC/DOC},

  Owner                    = {Richard},
  Timestamp                = {2014.10.18}
}

@Article{Aoki1965,
  Title                    = {Application of the Response Matrix Method to Criticality Calculations of Two-Dimensional Reactors},
  Author                   = {K. Aoki and A. Shimizu},
  Journal                  = {Journal of Nuclear Science and Technology},
  Year                     = {1965},
  Number                   = {4},
  Pages                    = {149-159},
  Volume                   = {2},

  Owner                    = {Richard},
  Timestamp                = {2014.10.03}
}

@Article{Bellman,
  Title                    = {InvMethod Imbedding and Mathematical Physics. I. Particle Processes},
  Author                   = {R. Bellman and R. Kalaba and G. M. Wing},
  Journal                  = {Journal of Mathematical Physics},
  Year                     = {1960},
  Pages                    = {280},
  Volume                   = {1},

  Owner                    = {Richard},
  Timestamp                = {2014.10.03}
}

@Article{Buchan2013,
  Title                    = {A POD Reduced-Order Model for Eigenvalue Problems with Application to Reactor Physics},
  Author                   = {A.G. Buchan and C.C. Pain and F. Fang and I.M. Navon},
  Journal                  = {International Journal for Numerical Methods in Engineering},
  Year                     = {2013},

  Month                    = {July},
  Pages                    = {1011-1032},
  Volume                   = {95}
}

@InCollection{Dony2001,
  Title                    = {Karhunen-Lo\'{e}ve Transform},
  Author                   = {R.D. Dony},
  Booktitle                = {The Transform and Data Compression Handbook},
  Publisher                = {CRC Press LLC},
  Year                     = {2001},
  Chapter                  = {1},
  Editor                   = {K.R. Rao and P.C. Yip}
}

@Article{eckart1936approximation,
  Title                    = {The approximation of one matrix by another of lower rank},
  Author                   = {Eckart, C. and Young, G.},
  Journal                  = {Psychometrika},
  Year                     = {1936},
  Number                   = {3},
  Pages                    = {211--218},
  Volume                   = {1},

  Publisher                = {Springer}
}

@PhdThesis{forget2006tdh,
  Title                    = {{A Three Dimensional Heterogeneous Coarse Mesh Transport Method for Reactor Calculations}},
  Author                   = {Forget, B.},
  School                   = {Georgia Institute of Technology},
  Year                     = {2006},

  Keywords                 = {coarse mesh, response matrix},
  Owner                    = {Jeremy Roberts},
  Timestamp                = {2009.12.02}
}

@Article{forget2004hcm,
  Title                    = {A Heterogeneous Coarse Mesh Transport Solution for a 2-D CANDU-6 Benchmark Problem},
  Author                   = {B. Forget and G. Ilas and F. Rahnema},
  Journal                  = {CNS Sixth International Conference on Simulation Methods in Nuclear Engineering},
  Year                     = {2004},

  Owner                    = {Richard},
  Timestamp                = {2014.11.06}
}

@Article{ForgetComet,
  Title                    = {Comet Solutions to the 3-D C5 G7 MOX Benchmark Problem},
  Author                   = {B. Forget and F. Rahnema},
  Journal                  = {Progress in Nuclear Energy},
  Year                     = {2006},
  Number                   = {5},
  Pages                    = {467-475},
  Volume                   = {48},

  Owner                    = {Richard},
  Timestamp                = {2014.10.10}
}

@Article{Ilas2003,
  Title                    = {A Heterogeneous Coarse Mesh Transport Method},
  Author                   = {D. Ilas and F. Rahnema},
  Journal                  = {Transport Theory and Statistical Physics},
  Year                     = {2003},
  Pages                    = {445-471},
  Volume                   = {32},

  Owner                    = {Richard},
  Timestamp                = {2014.10.10}
}

@Article{ishii2009tdd,
  Title                    = {Three-Dimensional Direct Response Matrix Method Using A Monte Carlo Calculation},
  Author                   = {Ishii, K. and Hino, T. and Mitsuyasu, T. and Aoyama, M.},
  Journal                  = {Journal of Nuclear Science and Technology},
  Year                     = {2009},
  Number                   = {3},
  Pages                    = {259--267},
  Volume                   = {46},

  Keywords                 = {response matrix},
  Publisher                = {J-STAGE}
}

@PhdThesis{Lindahl,
  Title                    = {Multi-Dimensional Response Matrix Method},
  Author                   = {S-{\" O}. Lindahl},
  Year                     = {1976},

  Owner                    = {Richard},
  Timestamp                = {2014.10.03}
}

@Article{Lindahl1981,
  Title                    = {The Response Matrix Method},
  Author                   = {S-{\" O}. Lindahl and F. Weiss},
  Journal                  = {Advances in Nuclear Science and Technology},
  Year                     = {1981},
  Volume                   = {13},

  Owner                    = {Richard},
  Timestamp                = {2014.10.03}
}

@Article{Meyer2002,
  Title                    = {Efficient Model Reduction in Non-linear Dynamics Using the Karhunen-Lo\'{e}ve Expansion and Dual-Weighted-Residual Methods},
  Author                   = {M. Meyer and H. G. Matthies},
  Journal                  = {Computational Mechanics},
  Year                     = {2002},

  Month                    = {December}
}

@Article{Moriwaki2006,
  Title                    = {A New Direct Calculation Method Of Response Matrices Using A Monte Carlo Calculation},
  Author                   = {M. Moriwaki and K. Ishii and H. Maruyama and and M. Aoyama},
  Journal                  = {Journal of Nuclear Science and Technology},
  Year                     = {2006},
  Number                   = {1},
  Pages                    = {55-86},
  Volume                   = {35},

  Owner                    = {Richard},
  Timestamp                = {2014.10.10}
}

@Article{Mosher2006,
  Title                    = {The Incident Flux Response Expansion Method for Heterogeneous Coarse Mesh Transport Problems},
  Author                   = {S. W. Mosher and F. Rahnema},
  Journal                  = {Transport Theory and Statistical Physics},
  Year                     = {2006},
  Number                   = {1},
  Pages                    = {55-86},
  Volume                   = {35},

  Owner                    = {Richard},
  Timestamp                = {2014.10.10}
}

@Article{Neuman1974,
  Title                    = {Discrete(Legendre) Orthogonal Polynomials-A Survey},
  Author                   = {C.P. Neuman and D.I.Schonbach},
  Journal                  = {International Journal for Numerical Methods in Engineering},
  Year                     = {1974},
  Number                   = {0029-5981},
  Pages                    = {743-770},
  Volume                   = {8}
}

@Article{Nichita1998,
  Title                    = {A Finite Element Method for Boiling Water Reactors},
  Author                   = {E. M. Nichita and F. Rahnema},
  Journal                  = {International Conference on the Physics of 
Nuclear Science and Technology},
  Year                     = {1998},

  Address                  = {Long Island, New York},
  Pages                    = {351},
  Volume                   = {1},

  Owner                    = {Richard},
  Timestamp                = {2014.11.24}
}

@Article{PryorAdv1975,
  Author                   = {R. J. Pryor},
  Journal                  = {Advanced Reactors: Physics, Design, and Economics},
  Year                     = {1975},

  Owner                    = {Richard},
  Timestamp                = {2014.10.03}
}

@InProceedings{Pryor1975,
  Title                    = {Response Matrix Method for Treating Reactor Calculations},
  Author                   = {R. J. Pryor and W. E. Graves},
  Booktitle                = {National Topical Meeting on Mathematical Models and Computational Techniques for Analysis of Nuclear Systems},
  Year                     = {1973},

  Address                  = {Ann Arbor, MI},
  Month                    = {October},
  Volume                   = {8},

  Owner                    = {Richard},
  Timestamp                = {2014.10.03}
}

@Conference{annualANS,
  Title                    = {Energy Expansion in Response Matrix Methods Using the Karhunen-Lo√®ve Transform},
  Author                   = {Reed, R. L. and Roberts, J.A.},
  Booktitle                = {Transactions Annual Meeting},
  Year                     = {2014},
  Month                    = {June},
  Number                   = {1},
  Organization             = {ANS},
  Pages                    = {239-242},
  Volume                   = {110}
}

@Article{roberts2014hot,
  Title                    = {A High-Order, Time-Dependent, Response Matrix Method for Reactor Kinetics},
  Author                   = {Roberts, J.A.},
  Journal                  = {Nuclear Science and Engineering},
  Year                     = {2015},
  Number                   = {3},
  Volume                   = {179},

  Owner                    = {Richard},
  Timestamp                = {2014.12.02}
}

@PhdThesis{Roberts2014,
  Title                    = {Advanced Response Matrix Methods for Full Core Analysis},
  Author                   = {J. Roberts},
  School                   = {Massachusetts Institute of Technology},
  Year                     = {2014}
}

@InProceedings{RobertsKrylov,
  Title                    = {Solving Eigenvalue Response Matrix Equations using Jacobian-Free 
Newton-Krylov Methods},
  Author                   = {J. A. Roberts and B. Forget},
  Booktitle                = {International Conference on Mathematics and Computational Methods Applied to Nuclear Science and Engineering},
  Year                     = {2011},

  Address                  = {Rio de Janeiro, Brazil},
  Month                    = {May},
  Organization             = {American Nuclear Society},
  Series                   = {M\&C 2011},

  Owner                    = {Richard},
  Timestamp                = {2014.10.03}
}

@InProceedings{roberts2014psb,
  Title                    = {Phase Space Bases for Response Matrix Methods},
  Author                   = {J. A. Roberts and R. L. Reed and B. Forget},
  Booktitle                = {In Proc. 2014 PHYSOR, Kyoto, Japan},
  Year                     = {2014},
  Publisher                = {American Nuclear Society},

  Owner                    = {Richard},
  Timestamp                = {2014.12.02}
}

@Article{RobertsDetran,
  Title                    = {Multigroup Diffusion Preconditioners for Multiplying Fixed-Source Transport Problems},
  Author                   = {J.A. Roberts and B. Forget},
  Journal                  = {Journal of Computational Physics},
  Year                     = {2014},
  Pages                    = {455-472},
  Volume                   = {271},

  Owner                    = {Richard},
  Quality                  = {1},
  Timestamp                = {2014.01.30}
}

@Article{RobertsSerment,
  Title                    = {Solving Eigenvalue Response Matrix Equations with Nonlinear Techniques},
  Author                   = {Roberts, J.A. and Forget, B.},
  Journal                  = {Annals of Nuclear Energy},
  Year                     = {2014},
  Pages                    = {97--107},
  Volume                   = {69}
}

@Article{shimizu,
  Title                    = {Response Matrix Method},
  Author                   = {A. Shimizu},
  Journal                  = {Journal of Nuclear Science and Technology},
  Year                     = {1963},
  Pages                    = {1-10},
  Volume                   = {5},

  Owner                    = {Richard},
  Timestamp                = {2014.10.03}
}

@Article{shimizu_et_all,
  Title                    = {Application of the Response Matrix Method to Criticality Calculations of One-Dimensional Reactors},
  Author                   = {A. Shimizu and K. Monta and T. Miyamoto},
  Journal                  = {Journal of Nuclear Science and Technology},
  Year                     = {1963},
  Pages                    = {11-17},
  Volume                   = {5},

  Owner                    = {Richard},
  Timestamp                = {2014.10.03}
}

@InProceedings{Sicilian1975,
  Title                    = {Acceleration Techniques for Response Matrix Methods},
  Author                   = {J. M. Sicilian and R. J. Pryor},
  Booktitle                = {Joint meeting of the American Nuclear Society and the Atomic Industrial Forum},
  Year                     = {1975},
  Volume                   = {16},

  Owner                    = {Richard},
  Timestamp                = {2014.10.03}
}

@Article{Sirovich1987,
  Title                    = {Turbulence and the Dynamics of Coherent Structures, part III; Dynamics and Scaling},
  Author                   = {L. Sirovich},
  Journal                  = {Quarterly of Applied Mathematics},
  Year                     = {1987},
  Pages                    = {583-590},
  Volume                   = {45},

  Owner                    = {Richard},
  Quality                  = {1},
  Timestamp                = {2014.01.21}
}

@Article{Weiss1975,
  Title                    = {High-Order Response Matrix Equations In Two-Dimensional Geometry},
  Author                   = {Z. Weiss and S-{\" O}. Lindahl},
  Journal                  = {Nuclear Science and Engineering},
  Year                     = {1975},
  Number                   = {2},
  Pages                    = {166-181},
  Volume                   = {58},

  Owner                    = {Richard},
  Timestamp                = {2014.10.03}
}

@Article{Zhu2011,
  Title                    = {An Energy Recondensation Method Using the Discrete Generalized Multigroup Energy Expansion Theory},
  Author                   = {L. Zhu and B. Forget},
  Journal                  = {Annals of Nuclear Energy},
  Year                     = {2011},

  Month                    = {May},
  Pages                    = {1718-1727},
  Volume                   = {38},

  Owner                    = {Richard},
  Timestamp                = {2014.11.24}
}

@Article{Zhu2010,
  Title                    = {A Discrete Generalized Multigroup Energy Expansion Theory},
  Author                   = {L. Zhu and B. Forget},
  Journal                  = {Nuclear Science and Engineering},
  Year                     = {2010},

  Month                    = {May},
  Pages                    = {239-253},
  Volume                   = {166},

  Owner                    = {Richard},
  Timestamp                = {2014.11.24}
}

@TechReport{Scale,
  Title                    = {SCALE: A Modular Code System for Performing Standardized Computer Analyses for Licensing Evaluations},
  Institution              = {Available from Radiation Safety Information Computational Center at 
Oak Ridge National Laboratory as CCC-723},
  Year                     = {2006},
  Month                    = {November},
  Number                   = {ORNL/TM-2005/39, Version 5.1, Vols. I-III},

  Owner                    = {Richard},
  Quality                  = {1},
  Timestamp                = {2014.02.28}
}

